@online{EthereumLotAttack,
  author = {{Jonghyuk Song}},
  title = {{Get legendary items by breaking PNRG of MyCyptoChamp, an Ethereum online game (CVE-2018–12885)}},
  year = 2018,
  url = {https://medium.com/coinmonks/get-legendary-items-by-breaking-pnrg-of-mycyptochamp-an-ethereum-online-game-cve-2018-12855-6e6beb41b8df},
  urldate = {2019-1-27}
}

@online{lotz_comment,
  author = {{@lotz}},
  title = {ブロックチェーンを利用した公平なガチャへのコメント},
  year = 2018,
  url = {https://qiita.com/yyu/items/4eaa43693e39c60a8661#comment-a4a11d19f0e3c8762853},
  urldate = {2019-12-05}
}

@online{gacha_hide_bind,
  author = {{吉村 優}},
  title = {{ガチャシステムとコミットメントにおける隠蔽と束縛}},
  year = 2016,
  url = {https://qiita.com/yyu/items/f172c0cd1e20da09d138},
  urldate = {2019-12-02}
}

@article{PhysRevA.80.062321,
  title = {Fair loss-tolerant quantum coin flipping},
  author = {Berl\'{\i}n, Guido and Brassard, Gilles and Bussi\`eres, F\'elix and Godbout, Nicolas},
  journal = {Phys. Rev. A},
  volume = {80},
  issue = {6},
  pages = {062321},
  numpages = {11},
  year = {2009},
  month = {Dec},
  publisher = {American Physical Society},
  doi = {10.1103/PhysRevA.80.062321},
  url = {https://link.aps.org/doi/10.1103/PhysRevA.80.062321}
}

@article{Bennett2014QuantumCP,
  title={Quantum cryptography: Public key distribution and coin tossing},
  author={Charles H. Bennett and Gilles Brassard},
  journal={Theor. Comput. Sci.},
  year={2014},
  volume={560},
  pages={7-11}
}

@INPROCEEDINGS{1313848,
  author={{A. Ambainis and H. Buhrman and Y. Dodis and H. Rohrig}}, 
  booktitle={Proceedings. 19th IEEE Annual Conference on Computational Complexity, 2004.}, 
  title={Multiparty quantum coin flipping}, 
  year={2004}, 
  volume={},
  number={},
  pages={250-259}, 
  keywords={quantum communication;game theory;probability;protocols;quantum computing;quantum coin flipping;coin-flipping protocols;quantum broadcast channels;probability;Protocols;Broadcasting;Upper bound;Engineering profession}, 
  doi={10.1109/CCC.2004.1313848}, 
  ISSN={1093-0159}, 
  month={June}
}

@online{qulacs,
  title = {{Qulacs(GitHub)}},
  year = 2018,
  url = {https://github.com/qulacs/qulacs},
  urldate = {2020-01-31}
}
